@book {MR1369573,
    AUTHOR = {Alperin, J. L. and Bell, Rowen B.},
     TITLE = {Groups and representations},
    SERIES = {Graduate Texts in Mathematics},
    VOLUME = {162},
 PUBLISHER = {Springer-Verlag, New York},
      YEAR = {1995},
     PAGES = {x+194},
      ISBN = {0-387-94525-3},
   MRCLASS = {20-01},
  MRNUMBER = {1369573},
MRREVIEWER = {David Chillag},
       DOI = {10.1007/978-1-4612-0799-3},
       URL = {https://doi.org/10.1007/978-1-4612-0799-3},
}

@book {MR2270898,
    AUTHOR = {Isaacs, I. Martin},
     TITLE = {Character theory of finite groups},
      NOTE = {Corrected reprint of the 1976 original [Academic Press, New
              York; MR0460423]},
 PUBLISHER = {AMS Chelsea Publishing, Providence, RI},
      YEAR = {2006},
     PAGES = {xii+310},
      ISBN = {978-0-8218-4229-4; 0-8218-4229-3},
   MRCLASS = {20-02 (20C05 20C15 20C20 20C25)},
  MRNUMBER = {2270898},
       DOI = {10.1090/chel/359},
       URL = {https://doi.org/10.1090/chel/359},
}

@book {MR1650707,
    AUTHOR = {Berkovich, Ya. G. and Zhmud\cprime , E. M.},
     TITLE = {Characters of finite groups. {P}art 2},
    SERIES = {Translations of Mathematical Monographs},
    VOLUME = {181},
      NOTE = {Translated from the Russian manuscript by P. Shumyatsky [P. V.
              Shumyatski\u{\i}], V. Zobina and Berkovich},
 PUBLISHER = {American Mathematical Society, Providence, RI},
      YEAR = {1999},
     PAGES = {xxvi+332},
      ISBN = {0-8218-0532-0},
   MRCLASS = {20C15},
  MRNUMBER = {1650707},
MRREVIEWER = {David Chillag},
       DOI = {10.1007/bf02808187},
       URL = {https://doi.org/10.1007/bf02808187},
}
		
@book {MR1486039,
    AUTHOR = {Berkovich, Ya. G. and Zhmud\cprime , E. M.},
     TITLE = {Characters of finite groups. {P}art 1},
    SERIES = {Translations of Mathematical Monographs},
    VOLUME = {172},
      NOTE = {Translated from the Russian manuscript by P. Shumyatsky [P. V.
              Shumyatski\u{\i}] and V. Zobina},
 PUBLISHER = {American Mathematical Society, Providence, RI},
      YEAR = {1998},
     PAGES = {xxiv+382},
      ISBN = {0-8218-4606-X},
   MRCLASS = {20C15},
  MRNUMBER = {1486039},
MRREVIEWER = {David Chillag},
       DOI = {10.1090/mmono/172},
       URL = {https://doi.org/10.1090/mmono/172},
}